<record><leader>00000cas a22000007a 4500</leader><controlfield tag="001">13054778</controlfield><controlfield tag="008">860123d19361936mtuwr ne      0    0eng d</controlfield><datafield ind1=" " ind2=" " tag="010"><subfield code="a">sn 86075018 </subfield></datafield><datafield ind1=" " ind2=" " tag="040"><subfield code="a">MTL</subfield><subfield code="b">eng</subfield><subfield code="c">MTL</subfield><subfield code="d">OCLCQ</subfield></datafield><datafield ind1=" " ind2=" " tag="042"><subfield code="a">msc</subfield></datafield><datafield ind1="0" ind2="0" tag="245"><subfield code="a">Miles City bulletin.</subfield></datafield><datafield ind1=" " ind2=" " tag="260"><subfield code="a">Miles City, Mont. :</subfield><subfield code="b">B.E. Luebke,</subfield><subfield code="c">-1936.</subfield></datafield><datafield ind1=" " ind2=" " tag="300"><subfield code="a">v. :</subfield><subfield code="b">ill. ;</subfield><subfield code="c">41 cm.</subfield></datafield><datafield ind1=" " ind2=" " tag="310"><subfield code="a">Weekly</subfield></datafield><datafield ind1="0" ind2=" " tag="362"><subfield code="a">-v. 53, no. 31 (Aug. 1, 1936).</subfield></datafield><datafield ind1=" " ind2=" " tag="588"><subfield code="a">Description based on: Vol. 53, no. 10 (Mar. 14, 1936).</subfield></datafield><datafield ind1=" " ind2=" " tag="752"><subfield code="a">United States</subfield><subfield code="b">Montana</subfield><subfield code="c">Custer</subfield><subfield code="d">Miles City.</subfield></datafield><datafield ind1="0" ind2="0" tag="780"><subfield code="t">Yellowstone journal (Miles City, Mont. : Weekly : 1926)</subfield><subfield code="w">(DLC)sn 86075017</subfield></datafield><datafield ind1="0" ind2="0" tag="785"><subfield code="t">Yellowstone journal (Miles City, Mont. : Weekly : 1936)</subfield><subfield code="w">(DLC)sn 86075019</subfield></datafield><datafield ind1="1" ind2=" " tag="029"><subfield code="a">AU@</subfield><subfield code="b">000023482661</subfield></datafield></record>